@INPROCEEDINGS{diapoLTR, 
 title={Learning to Rank in Solr: Presented by Michael Nilsson & Diego Ceccarelli, Bloomberg LP },
 author={Michael Nilsson, Diego Ceccarelli},
 pages={1 -55}, 
 year={2015},
 month={Octobre},
 note={\url{http://fr.slideshare.net/lucidworks/learning-to-rank-in-solr-presented-by-michael-nilsson-diego-ceccarelli-bloomberg-lp}}
}

@INPROCEEDINGS{docLTR, 
 title={Learning To Rank},
 year={2017},
 month={FÃ©vrier},
 note={\url{https://cwiki.apache.org/confluence/display/solr/Learning+To+Rank}}
}

@INPROCEEDINGS{docTFIDF, 
 title={Tf-idf weighting},
 year={2008},
 author={Cambridge University Press},
 note={\url{http://nlp.stanford.edu/IR-book/html/htmledition/tf-idf-weighting-1.html}}
}

@ARTICLE{rankSVM,
 title={SVMrank - Support Vector Machine for Ranking},
 author={Thorsten Joachims},
 year={2009},
 month={Mars},
 note={\url{https://www.cs.cornell.edu/people/tj/svm_light/svm_rank.html}}
}

